LDR00218nam  22     2  4500^
00520011119075709.0^
008891207s19xx    xxu           00010 eng d^
040  _cIMchF^
245 4_aThe all around Cristmas.^
260  _bRinehart & Winston,_c1982.^
300  _a[ ] p.^
900  _aALL^
952  _a30716_cR_dALL^`
