LDR00181nam  22     2  4500^
008891207s19xx    xxu           00010 eng d^
040  _cIMchF^
245 0_aAll Joseph Wanted.^
260  _bMacmillan,_c1991.^
300  _a[ ] p.^
900  _aALL^
952  _a536_cR_dALL^`
