LDR00215nam  22     2  4500^
008891207s19xx    xxu           00010 eng d^
040  _cIMchF^
245 0_aAll night, all day :_ba child's first-- spirituals.^
260  _bAtheneum,_c1991.^
300  _a[ ] p.^
900  _aALL^
952  _a25851_cR_dALL^`
