LDR00208nam  22     2  4500^
008891207s19xx    xxu           00010 eng d^
040  _cIMchF^
245 0_aAll of our noses are here & other tales.^
260  _bHarper & Row,_c1985.^
300  _a[ ] p.^
900  _aALL^
952  _a32095_cR_dALL^`
