LDR00200nam  22     2  4500^
008891207s19xx    xxu           00010 eng d^
040  _cIMchF^
245 0_aAlligators and others all year long!.^
260  _bMaxwell,_c1993.^
300  _a[ ] p.^
900  _aALL^
952  _a25402_cR_dALL^`
