LDR01079pam  22     4a 4500^
003IMchF^
00519900517135337.0^
008890912r1990    maua   j      000 1 eng  ^
010  _a   89013282 /AC^
020  _a0316034134 :_c$12.95^
040  _aDLC_cDLC_dDLC_dICrlF^
05000_aPZ7.A4277_bWh 1990^
08200_a[Fic]_220^
1001 _aAllen, Linda.^
24010_aParrot in the house^
24510_aWhen grandfather's parrot inherited Kennington Court /_cby Linda Allen ; illustrated by Katinka Kew.^
250  _a1st U.S. ed.^
260  _aBoston :_bJoy Street Books,_c1990.^
300  _a68 p. :_bill. ;_c22 cm.^
500  _aPreviously published under title: A parrot in the house.^
500  _a"First published in the U.K. in 1988 by Hodder and Stoughton Ltd."--T.p. verso.^
520  _aAppalled that Grandfather left his inheritance to his parrot, the relatives seek to break the will; but young Miranda, who is caring for the parrot, makes a discovery that settles everything.^
650 1_aMystery and detective stories.^
650 1_aParrots_xFiction.^
650 7_aMystery and detective stories._2sears^
650 7_aParrots_xFiction._2sears^
651 1_aEngland_xFiction.^
651 7_aEngland_xFiction._2sears^
70011_aKew, Katinka,_eill.^
900  _aALL^
952  _a21117_cR_dALL^`
