LDR00178nam  22     2  4500^
008891207s19xx    xxu           00010 eng d^
040  _cIMchF^
245 0_aAlmost good-bye.^
260  _bDutton,_c1990.^
300  _a[ ] p.^
900  _aALM^
952  _a21497_cR_dALM^`
