LDR00191nam  22     2  4500^
008891207s19xx    xxu           00010 eng d^
040  _cIMchF^
245 0_aAmanda Pig and her big brother.^
260  _bDial,_c1982.^
300  _a[ ] p.^
900  _aAMA^
952  _a32294_cR_dAMA^`
